<?xml version="1.0" encoding="UTF-8"?><collection xmlns="http://www.loc.gov/MARC21/slim"><record><leader>00407nam--2200133-i-4500</leader><controlfield tag="001">000023781</controlfield><controlfield tag="002">20161230</controlfield><controlfield tag="005">20161230201035</controlfield><controlfield tag="008">060222s1000------------r-----000-0-eng-d</controlfield><datafield ind1=" " ind2=" " tag="080"><subfield code="a">621.3.011.71</subfield></datafield><datafield ind1=" " ind2=" " tag="100"><subfield code="a">Gille, Jean-charles Et Clique, Marc</subfield></datafield><datafield ind1=" " ind2=" " tag="245"><subfield code="a">La representation d`etat pour l`etude des systemes dynamiques.commande et observation</subfield></datafield><datafield ind1=" " ind2=" " tag="260"><subfield code="a">Paris,Edition Eyrolles, 1975. X+109p</subfield></datafield><datafield ind1=" " ind2=" " tag="852"><subfield code="a">45947</subfield></datafield></record></collection>